<record><leader>00000cas a2200000 a 4500</leader><controlfield tag="001">12077035</controlfield><controlfield tag="008">850524d18501925miuwr ne      0    0eng d</controlfield><datafield ind1=" " ind2=" " tag="010"><subfield code="a">sn 85033588 </subfield></datafield><datafield ind1=" " ind2=" " tag="040"><subfield code="a">NPU</subfield><subfield code="b">eng</subfield><subfield code="c">NPU</subfield><subfield code="d">NPX</subfield><subfield code="d">NPY</subfield><subfield code="d">MGN</subfield><subfield code="d">NVF</subfield><subfield code="d">MHN</subfield><subfield code="d">OCL</subfield><subfield code="d">OCLCQ</subfield><subfield code="d">OCLCF</subfield><subfield code="d">OCLCO</subfield></datafield><datafield ind1=" " ind2=" " tag="042"><subfield code="a">msc</subfield></datafield><datafield ind1=" " ind2=" " tag="043"><subfield code="a">n-us-mi</subfield></datafield><datafield ind1="0" ind2=" " tag="130"><subfield code="a">National Democrat (Cassopolis, Mich.)</subfield></datafield><datafield ind1="1" ind2="0" tag="245"><subfield code="a">National Democrat.</subfield></datafield><datafield ind1=" " ind2=" " tag="260"><subfield code="a">Cassopolis, Mich. :</subfield><subfield code="b">H.C. Shurter</subfield></datafield><datafield ind1=" " ind2=" " tag="300"><subfield code="a">v. :</subfield><subfield code="b">ill. ;</subfield><subfield code="c">55-60 cm.</subfield></datafield><datafield ind1=" " ind2=" " tag="310"><subfield code="a">Weekly</subfield></datafield><datafield ind1="1" ind2=" " tag="362"><subfield code="a">Began in 1850; ceased in 1925.</subfield></datafield><datafield ind1=" " ind2=" " tag="500"><subfield code="a">Democratic. Cf. Hist. of the press of Mich., 1876.</subfield></datafield><datafield ind1=" " ind2=" " tag="500"><subfield code="a">Editors: Wm. W. Van Antwerp, &lt;1855&gt;; Geo. B. Turner, &lt;1858&gt;; C.C. Allison &lt;1873&gt;.</subfield></datafield><datafield ind1=" " ind2=" " tag="588"><subfield code="a">Description based on: Vol. 1, no. 23 (Aug. 19, 1851).</subfield></datafield><datafield ind1=" " ind2="0" tag="651"><subfield code="a">Cassopolis (Mich.)</subfield><subfield code="v">Newspapers.</subfield></datafield><datafield ind1=" " ind2="0" tag="651"><subfield code="a">Cass County (Mich.)</subfield><subfield code="v">Newspapers.</subfield></datafield><datafield ind1=" " ind2="7" tag="655"><subfield code="a">Newspapers.</subfield><subfield code="2">fast</subfield><subfield code="0">(OCoLC)fst01423814</subfield></datafield><datafield ind1=" " ind2="7" tag="651"><subfield code="a">Michigan</subfield><subfield code="z">Cass County.</subfield><subfield code="2">fast</subfield><subfield code="0">(OCoLC)fst01207371</subfield></datafield><datafield ind1=" " ind2="7" tag="651"><subfield code="a">Michigan</subfield><subfield code="z">Cassopolis.</subfield><subfield code="2">fast</subfield><subfield code="0">(OCoLC)fst01293409</subfield></datafield><datafield ind1=" " ind2=" " tag="752"><subfield code="a">United States</subfield><subfield code="b">Michigan</subfield><subfield code="c">Cass</subfield><subfield code="d">Cassopolis.</subfield></datafield><datafield ind1="0" ind2="4" tag="785"><subfield code="t">Cassopolis vigilant</subfield><subfield code="w">(DLC)sn 85022586</subfield><subfield code="w">(OCoLC)12077028</subfield></datafield></record>